@Manual{rmarkdowncite,
    title = {rmarkdown: Dynamic Documents for R},
    author = {JJ Allaire and Yihui Xie and Jonathan McPherson and
      Javier Luraschi and Kevin Ushey and Aron Atkins and Hadley
      Wickham and Joe Cheng and Winston Chang and Richard Iannone},
    year = {2020},
    note = {R package version 2.6},
    url = {https://github.com/rstudio/rmarkdown},
  }


@Manual{aust2020,
    author = {Frederik Aust and Marius Barth},
    title = {{papaja}: {Create} {APA} manuscripts with {R Markdown}},
    year = {2020},
    note = {R package version 0.1.0.9997},
    url = {https://github.com/crsh/papaja},
  }

@article{heitz2014speed,
  title={The speed-accuracy tradeoff: history, physiology, methodology, and behavior},
  author={Heitz, Richard P},
  journal={Frontiers in neuroscience},
  volume={8},
  pages={150},
  year={2014},
  publisher={Frontiers}
}

@unpublished{hoes2022,
 title={The Cure Worse Than the Disease? How the Media's Attention to Misinformation Decreases Trust},
 url={psyarxiv.com/4m92p},
 DOI={10.31234/osf.io/4m92p},
 publisher={PsyArXiv},
 author={Hoes, Emma and Clemm von Hohenberg, Bernhard and Gessler, Theresa and Wojcieszak, Magdalena and Qian, Sijia},
 year={2022},
 month={Nov}
}



@article{holcombe2020documenting,
  title={Documenting contributions to scholarly articles using CRediT and tenzing},
  author={Holcombe, Alex O and Kovacs, Marton and Aust, Frederik and Aczel, Balazs},
  journal={PLoS One},
  volume={15},
  number={12},
  pages={e0244611},
  year={2020},
  publisher={Public Library of Science San Francisco, CA USA}
}

@unpublished{jungherr2022,
  title={Negative downstream effects of disinformation discourse: Evidence from the US},
  author={Jungherr, Andreas and Rauchfleisch, Adrian},
  year={2022},
  publisher={SocArXiv}
}

@online{karpf2019,
  title={On digital disinformation and democratic myths},
  author={Karpf, David},
  year         = {2019},
  month        = {December},
  day          = {10},
  url          = {https://mediawell.ssrc.org/expert-reflections/on-digital-disinformation-and-democratic-myths/},
  note         = {Accessed: 2023-04-03}
}





@article{stafford2020,
  title={Quantifying the benefits of using decision models with response time and accuracy data},
  author={Stafford, Tom and Pirrone, Angelo and Croucher, Mike and Krystalli, Anna},
  journal={Behavior Research Methods},
  volume={52},
  pages={2142-â€“2155},
  year={2020},
  publisher={Springer}
}


@article{wickelgren1977speed,
  title={Speed-accuracy tradeoff and information processing dynamics},
  author={Wickelgren, Wayne A},
  journal={Acta psychologica},
  volume={41},
  number={1},
  pages={67--85},
  year={1977},
  publisher={Elsevier}
}


